<?xml version="1.0" encoding="UTF-8"?><record xmlns="http://www.loc.gov/MARC21/slim" xmlns:cinclude="http://apache.org/cocoon/include/1.0" xmlns:zs="http://www.loc.gov/zing/srw/">
  <leader>00448nz  a2200121n  4500</leader>
  <controlfield tag="001">n 2003122761</controlfield>
  <controlfield tag="003">DLC</controlfield>
  <controlfield tag="005">20030827172227.0</controlfield>
  <controlfield tag="008">030827n| acannaabn          |n ana      </controlfield>
  <datafield tag="010" ind1=" " ind2=" ">
    <subfield code="a">n 2003122761</subfield>
  </datafield>
  <datafield tag="040" ind1=" " ind2=" ">
    <subfield code="a">DLC</subfield>
    <subfield code="c">DLC</subfield>
  </datafield>
  <datafield tag="110" ind1="2" ind2=" ">
    <subfield code="a">Washington County Historical Society (Md.).</subfield>
    <subfield code="b">Historic Churches Committee</subfield>
  </datafield>
  <datafield tag="670" ind1=" " ind2=" ">
    <subfield code="a">Its Hagerstown church's [sic] downtown walking tours, 2002:</subfield>
    <subfield code="b">map recto (Washington County Historical Society's Historic Churches Committee)</subfield>
  </datafield>
</record>